<record><leader>01390cam a2200325Ia 4500</leader><controlfield tag="005">20200925212859.0</controlfield><controlfield tag="008">780615s1963    nyua   j      000 0 eng d</controlfield><controlfield tag="001">9957270023506421</controlfield><datafield tag="035" ind1=" " ind2=" "><subfield code="a">(idCotsen)6819</subfield></datafield><datafield tag="035" ind1=" " ind2=" "><subfield code="9">(cotsenAccess)20727</subfield></datafield><datafield tag="035" ind1=" " ind2=" "><subfield code="a">(cotsendb)57616</subfield></datafield><datafield tag="035" ind1=" " ind2=" "><subfield code="a">5727002</subfield></datafield><datafield tag="035" ind1=" " ind2=" "><subfield code="a">(OCoLC)ocm05254122</subfield><subfield code="z">(OCoLC)ocm01312129</subfield><subfield code="z">(OCoLC)ocm03979120</subfield><subfield code="z">(OCoLC)ocn979684483</subfield><subfield code="z">(OCoLC)ocn980013709</subfield><subfield code="z">(OCoLC)on1026518248</subfield><subfield code="0">(uri) http://www.worldcat.org/oclc/05254122</subfield><subfield code="0">(uri) http://www.worldcat.org/oclc/01312129</subfield><subfield code="0">(uri) http://www.worldcat.org/oclc/03979120</subfield><subfield code="0">(uri) http://www.worldcat.org/oclc/979684483</subfield><subfield code="0">(uri) http://www.worldcat.org/oclc/980013709</subfield><subfield code="0">(uri) http://www.worldcat.org/oclc/1026518248</subfield></datafield><datafield tag="035" ind1=" " ind2=" "><subfield code="a">(NjP)5727002-princetondb</subfield></datafield><datafield tag="035" ind1=" " ind2=" "><subfield code="z">(OCoLC)1312129</subfield><subfield code="z">(OCoLC)3979120</subfield><subfield code="z">(OCoLC)979684483</subfield><subfield code="z">(OCoLC)980013709</subfield><subfield code="z">(OCoLC)1026518248</subfield><subfield code="0">(uri) http://www.worldcat.org/oclc/1312129</subfield><subfield code="0">(uri) http://www.worldcat.org/oclc/3979120</subfield><subfield code="0">(uri) http://www.worldcat.org/oclc/979684483</subfield><subfield code="0">(uri) http://www.worldcat.org/oclc/980013709</subfield><subfield code="0">(uri) http://www.worldcat.org/oclc/1026518248</subfield></datafield><datafield tag="040" ind1=" " ind2=" "><subfield code="a">OCO</subfield><subfield code="c">OCO</subfield><subfield code="d">PEM</subfield><subfield code="d">IHI</subfield><subfield code="d">IXA</subfield><subfield code="d">OCLCQ</subfield><subfield code="d">AKU</subfield><subfield code="d">NjP</subfield></datafield><datafield tag="043" ind1=" " ind2=" "><subfield code="a">ec-----</subfield></datafield><datafield tag="050" ind1=" " ind2="4"><subfield code="a">PN3437</subfield><subfield code="b">.M34 1963</subfield></datafield><datafield tag="050" ind1="1" ind2="4"><subfield code="a">PZ8 .M277 (juv) Oversize</subfield></datafield><datafield tag="082" ind1="0" ind2="4"><subfield code="a">398</subfield><subfield code="b">M19</subfield></datafield><datafield tag="019" ind1=" " ind2=" "><subfield code="a">1312129</subfield><subfield code="a">3979120</subfield><subfield code="a">979684483</subfield><subfield code="a">980013709</subfield><subfield code="a">1026518248</subfield></datafield><datafield tag="245" ind1="0" ind2="4"><subfield code="a">The magic butterfly :</subfield><subfield code="b">and other fairy tales of central Europe /</subfield><subfield code="c">translated by George Obligado ; illustrated by Ugo Fontana.</subfield></datafield><datafield tag="260" ind1=" " ind2=" "><subfield code="a">New York :</subfield><subfield code="b">Golden Press,</subfield><subfield code="c">c1963.</subfield></datafield><datafield tag="300" ind1=" " ind2=" "><subfield code="a">62, [2] p. :</subfield><subfield code="b">col. ill. ;</subfield><subfield code="c">37 cm.</subfield></datafield><datafield tag="440" ind1=" " ind2="0"><subfield code="a">Giant golden book</subfield></datafield><datafield tag="505" ind1="0" ind2="0"><subfield code="t">Magic butterfly --</subfield><subfield code="t">Youthful old man --</subfield><subfield code="t">Talisman --</subfield><subfield code="t">Inn, a Christmas tale --</subfield><subfield code="t">Bride's shoe --</subfield><subfield code="t">Wiosna's garden.</subfield></datafield><datafield tag="500" ind1=" " ind2=" "><subfield code="a">Errata slip tipped in.</subfield></datafield><datafield tag="500" ind1=" " ind2=" "><subfield code="a">A collection of Polish folk tales.</subfield></datafield><datafield tag="563" ind1=" " ind2=" "><subfield code="a">Pub. color-printed pictorial laminated bds. with gray and blue pictorial endpapers.</subfield></datafield><datafield tag="650" ind1=" " ind2="0"><subfield code="a">Fairy tales</subfield><subfield code="z">Europe, Central.</subfield></datafield><datafield tag="700" ind1="1" ind2=" "><subfield code="a">Obligado, George.</subfield></datafield><datafield tag="700" ind1="1" ind2=" "><subfield code="a">Fontana, Ugo.</subfield><subfield code="0">http://id.loc.gov/authorities/names/n84011156</subfield></datafield><datafield tag="950" ind1=" " ind2=" "><subfield code="b">2020-12-02 20:59:14 US/Eastern</subfield><subfield code="a">false</subfield></datafield><datafield tag="852" ind1="8" ind2=" "><subfield code="b">rare</subfield><subfield code="c">ctsn</subfield><subfield code="h">6819</subfield><subfield code="k">Eng 20Q</subfield><subfield code="8">22262209280006421</subfield></datafield><datafield tag="952" ind1=" " ind2=" "><subfield code="a">2020-12-03 01:59:14</subfield><subfield code="8">22262209280006421</subfield><subfield code="b">Rare Books and Special Collections</subfield><subfield code="c">ctsn Cotsen Children's C.</subfield><subfield code="e">false</subfield></datafield><datafield tag="876" ind1=" " ind2=" "><subfield code="0">22262209280006421</subfield><subfield code="a">23262209270006421</subfield><subfield code="j">1</subfield><subfield code="d">2020-12-03 01:59:14</subfield><subfield code="p">32101069635157</subfield><subfield code="t">1</subfield></datafield></record>